@book{hcv,
       author = {H C Verma},
       year = {2011},
       title = {Concepts of Physics (Volume - 1)},
       publisher = {Bharati Bhavan},
       address = {India}
     }

@book{halliday,
       author = {Halliday, Resnick and Walker},
       year = {2011},
       title = {Fundamentals of Physics, 6th Edition},
       publisher = {Wiley},
       address = {India}
     }

@misc{b2d,
  title = {{Box2D} iforce2d tutorial},
  howpublished = {http://www.iforce2d.net},
  note = {Accessed: 2014-01-23}
}
